<record><leader>00000cas a22000007a 4500</leader><controlfield tag="001">1623959</controlfield><controlfield tag="008">750914d19001906mnuwr ne      0    0eng d</controlfield><datafield ind1=" " ind2=" " tag="010"><subfield code="a">sn 91059391 </subfield></datafield><datafield ind1=" " ind2=" " tag="040"><subfield code="a">MUL</subfield><subfield code="b">eng</subfield><subfield code="c">MUL</subfield><subfield code="d">MN#</subfield><subfield code="d">OCLCQ</subfield><subfield code="d">OCLCF</subfield><subfield code="d">OCLCO</subfield></datafield><datafield ind1="1" ind2=" " tag="029"><subfield code="a">AU@</subfield><subfield code="b">000025893415</subfield></datafield><datafield ind1=" " ind2=" " tag="042"><subfield code="a">msc</subfield></datafield><datafield ind1=" " ind2=" " tag="043"><subfield code="a">n-us-mn</subfield></datafield><datafield ind1=" " ind2=" " tag="052"><subfield code="a">4144</subfield><subfield code="b">M8</subfield></datafield><datafield ind1=" " ind2=" " tag="052"><subfield code="a">4143</subfield><subfield code="b">S8</subfield></datafield><datafield ind1="0" ind2="4" tag="245"><subfield code="a">The Morris times.</subfield></datafield><datafield ind1=" " ind2=" " tag="260"><subfield code="a">Morris, Minn. :</subfield><subfield code="b">C.J. Glaiser,</subfield><subfield code="c">1900-1906.</subfield></datafield><datafield ind1=" " ind2=" " tag="300"><subfield code="a">7 v.</subfield></datafield><datafield ind1=" " ind2=" " tag="310"><subfield code="a">Weekly</subfield></datafield><datafield ind1="0" ind2=" " tag="362"><subfield code="a">Vol. 4, no. 18 (June 6, 1900)-v. 10, no. 52 (Jan. 17, 1906).</subfield></datafield><datafield ind1=" " ind2=" " tag="530"><subfield code="a">Available on microfilm from the Minnesota Historical Society.</subfield></datafield><datafield ind1=" " ind2="0" tag="651"><subfield code="a">Morris (Minn.)</subfield><subfield code="v">Newspapers.</subfield></datafield><datafield ind1=" " ind2="7" tag="655"><subfield code="a">Newspapers.</subfield><subfield code="2">fast</subfield><subfield code="0">(OCoLC)fst01423814</subfield></datafield><datafield ind1=" " ind2="7" tag="651"><subfield code="a">Minnesota</subfield><subfield code="z">Morris.</subfield><subfield code="2">fast</subfield><subfield code="0">(OCoLC)fst01212093</subfield></datafield><datafield ind1=" " ind2=" " tag="752"><subfield code="a">United States</subfield><subfield code="b">Minnesota</subfield><subfield code="c">Stevens</subfield><subfield code="d">Morris.</subfield></datafield><datafield ind1="0" ind2="0" tag="780"><subfield code="t">Republican times (Morris, Minn.)</subfield><subfield code="w">(DLC)sn 91059390</subfield></datafield></record>